<?xml version="1.0" encoding="UTF-8"?>
  <record xmlns="http://www.loc.gov/MARC21/slim" type="Authority">
    <leader>00000nz  a2200000oc 4500</leader>
    <controlfield tag="001">1220471224</controlfield>
    <controlfield tag="003">DE-101</controlfield>
    <controlfield tag="005">20201030132507.0</controlfield>
    <controlfield tag="008">201029n||aznnnaabn           | aaa    |c</controlfield>
    <datafield tag="024" ind1="7" ind2=" ">
      <subfield code="a">1220471224</subfield>
      <subfield code="0">http://d-nb.info/gnd/1220471224</subfield>
      <subfield code="2">gnd</subfield>
    </datafield>
    <datafield tag="035" ind1=" " ind2=" ">
      <subfield code="a">(DE-101)1220471224</subfield>
    </datafield>
    <datafield tag="035" ind1=" " ind2=" ">
      <subfield code="a">(DE-588)1220471224</subfield>
    </datafield>
    <datafield tag="040" ind1=" " ind2=" ">
      <subfield code="a">DE-17</subfield>
      <subfield code="c">DE-17</subfield>
      <subfield code="9">r:DE-17</subfield>
      <subfield code="b">ger</subfield>
      <subfield code="d">0017</subfield>
      <subfield code="e">rda</subfield>
    </datafield>
    <datafield tag="042" ind1=" " ind2=" ">
      <subfield code="a">gnd3</subfield>
    </datafield>
    <datafield tag="043" ind1=" " ind2=" ">
      <subfield code="c">XA-DE</subfield>
    </datafield>
    <datafield tag="075" ind1=" " ind2=" ">
      <subfield code="b">p</subfield>
      <subfield code="2">gndgen</subfield>
    </datafield>
    <datafield tag="075" ind1=" " ind2=" ">
      <subfield code="b">piz</subfield>
      <subfield code="2">gndspec</subfield>
    </datafield>
    <datafield tag="079" ind1=" " ind2=" ">
      <subfield code="a">g</subfield>
      <subfield code="q">f</subfield>
    </datafield>
    <datafield tag="100" ind1="1" ind2=" ">
      <subfield code="a">Riedesel zu Eisenbach, Johann &#152;von&#156;</subfield>
      <subfield code="b">XIV.</subfield>
      <subfield code="d">1624-1691</subfield>
    </datafield>
    <datafield tag="400" ind1="1" ind2=" ">
      <subfield code="a">Riedesel zu Eisenbach und Lauterbach, Johann &#152;von&#156;</subfield>
      <subfield code="d">1624-1691</subfield>
    </datafield>
    <datafield tag="400" ind1="1" ind2=" ">
      <subfield code="a">Riedesel, Johann &#152;von&#156;</subfield>
      <subfield code="d">1624-1691</subfield>
    </datafield>
    <datafield tag="500" ind1="1" ind2=" ">
      <subfield code="0">(DE-101)1220529508</subfield>
      <subfield code="0">(DE-588)1220529508</subfield>
      <subfield code="0">https://d-nb.info/gnd/1220529508</subfield>
      <subfield code="a">Riedesel zu Eisenbach, Georg &#152;von&#156;</subfield>
      <subfield code="b">XIV.</subfield>
      <subfield code="d">1657-1724</subfield>
      <subfield code="4">bezf</subfield>
      <subfield code="4">https://d-nb.info/standards/elementset/gnd#familialRelationship</subfield>
      <subfield code="w">r</subfield>
      <subfield code="i">Beziehung familiaer</subfield>
      <subfield code="e">Beziehung familiaer</subfield>
      <subfield code="9">v:Sohn</subfield>
    </datafield>
    <datafield tag="548" ind1=" " ind2=" ">
      <subfield code="a">09.08.1624-</subfield>
      <subfield code="4">datx</subfield>
      <subfield code="4">https://d-nb.info/standards/elementset/gnd#dateOfBirth</subfield>
      <subfield code="w">r</subfield>
      <subfield code="i">Exakte Lebensdaten</subfield>
    </datafield>
    <datafield tag="548" ind1=" " ind2=" ">
      <subfield code="a">1624-1691</subfield>
      <subfield code="4">datl</subfield>
      <subfield code="4">https://d-nb.info/standards/elementset/gnd#dateOfBirthAndDeath</subfield>
      <subfield code="w">r</subfield>
      <subfield code="i">Lebensdaten</subfield>
    </datafield>
    <datafield tag="550" ind1=" " ind2=" ">
      <subfield code="0">(DE-101)040183335</subfield>
      <subfield code="0">(DE-588)4018333-6</subfield>
      <subfield code="0">https://d-nb.info/gnd/4018333-6</subfield>
      <subfield code="a">Freiherr</subfield>
      <subfield code="4">beru</subfield>
      <subfield code="4">https://d-nb.info/standards/elementset/gnd#professionOrOccupation</subfield>
      <subfield code="w">r</subfield>
      <subfield code="i">Beruf</subfield>
    </datafield>
    <datafield tag="550" ind1=" " ind2=" ">
      <subfield code="0">(DE-101)040004643</subfield>
      <subfield code="0">(DE-588)4000464-8</subfield>
      <subfield code="0">https://d-nb.info/gnd/4000464-8</subfield>
      <subfield code="a">Adel</subfield>
      <subfield code="4">beru</subfield>
      <subfield code="4">https://d-nb.info/standards/elementset/gnd#professionOrOccupation</subfield>
      <subfield code="w">r</subfield>
      <subfield code="i">Beruf</subfield>
    </datafield>
    <datafield tag="550" ind1=" " ind2=" ">
      <subfield code="0">(DE-101)946113475</subfield>
      <subfield code="0">(DE-588)4392636-8</subfield>
      <subfield code="0">https://d-nb.info/gnd/4392636-8</subfield>
      <subfield code="a">Marschall</subfield>
      <subfield code="g">Hofamt</subfield>
      <subfield code="4">beru</subfield>
      <subfield code="4">https://d-nb.info/standards/elementset/gnd#professionOrOccupation</subfield>
      <subfield code="w">r</subfield>
      <subfield code="i">Beruf</subfield>
    </datafield>
    <datafield tag="551" ind1=" " ind2=" ">
      <subfield code="0">(DE-101)040347710</subfield>
      <subfield code="0">(DE-588)4034771-0</subfield>
      <subfield code="0">https://d-nb.info/gnd/4034771-0</subfield>
      <subfield code="a">Lauterbach (Hessen)</subfield>
      <subfield code="4">ortg</subfield>
      <subfield code="4">https://d-nb.info/standards/elementset/gnd#placeOfBirth</subfield>
      <subfield code="w">r</subfield>
      <subfield code="i">Geburtsort</subfield>
    </datafield>
    <datafield tag="670" ind1=" " ind2=" ">
      <subfield code="a">Wikipedia; Zschaeck F., Die Riedesel zu Eisenbach, Bd. 4</subfield>
    </datafield>
    <datafield tag="672" ind1=" " ind2="0">
      <subfield code="a">Haupt-Zweck des gantzen Christenthums/ und Weg darzu zugelangen. Bey Hochansehnlicher Leich-Bestattung/ Des Weyland Hoch-Wolgebohrnen Frey-Herrn/ Herrn Johann Riedesels, Frey-Herrn zu Eysenbach und Lauterbach/ Hoch-Füstlichen Hessen-Darmstädtischen Geheimbden Raths und Obristen/ Erb-Marschallen zu Hessen/ Des heiligen Römischen Reichs unmittelbahrer Freyer Ritterschaft Landes zu Francken/ Orts Röhn und Werra/ Ritter Hauptmanns/ Aus der H. Offenbahrung Joh. XIV. v. 13. Auf den 12. Tag Novembr. Anno 1691. an dem geheiligten Ort des Riedesetischen Erb-Begräbnüsses zu Lauterbach/ vorgestellet und erkläret von Johanne Casparo Finckio, Ss. Th. Lt. ober-Pfarrern zu Lauterbach/ und derer Riedeselischen Kirchen Inspectore, Giessen: Müller, [1691]</subfield>
    </datafield>
    <datafield tag="678" ind1=" " ind2=" ">
      <subfield code="b">Hessischer Adel; Sohn von Johann XII (1588-1632); im Dienst der Landgrafen von Hessen-Darmstadt: 1657 Kammer-Juncker, 1666 Ober-Vorsteher, 1670 Abgesandter in Schweden, 1673 Geheimer Rat und Obrist-Leutnant, 1676 Erbmarschal; 1679 Regent der Herrschaft Riedesel; 1680 ist die ganze Familie zum Freiherrstand erhöht; 1689 Hauptmann des Reichsritterschaftlicheren Kantons Rhön und Werra; Heiratet 1651 in 1. Ehe Katharina Riedesel zu Eisenbach, Tochter von Georg VIII (Hermansburger Linie) († 14.05.1657), in 2. Ehe Anna Metta Diede zum Fürstenstein (1620-1688), 4 Kinder.</subfield>
    </datafield>
  </record>
